<record><leader>00000cas a2200000 a 4500</leader><controlfield tag="001">31005294</controlfield><controlfield tag="007">hd afu---baca</controlfield><controlfield tag="008">940825d19291932nbuwr nea     0    0eng c</controlfield><datafield ind1=" " ind2=" " tag="010"><subfield code="a">sn 94056271 </subfield></datafield><datafield ind1=" " ind2=" " tag="040"><subfield code="a">NVG</subfield><subfield code="b">eng</subfield><subfield code="c">NVG</subfield><subfield code="d">OCLCQ</subfield><subfield code="d">OCLCF</subfield><subfield code="d">OCLCO</subfield></datafield><datafield ind1="1" ind2=" " tag="029"><subfield code="a">AU@</subfield><subfield code="b">000025894486</subfield></datafield><datafield ind1=" " ind2=" " tag="042"><subfield code="a">pcc</subfield></datafield><datafield ind1=" " ind2=" " tag="043"><subfield code="a">n-us-nb</subfield></datafield><datafield ind1="0" ind2="0" tag="245"><subfield code="a">Hamilton County Republican-register</subfield><subfield code="h">[microform].</subfield></datafield><datafield ind1=" " ind2=" " tag="260"><subfield code="a">Aurora, Neb. :</subfield><subfield code="b">Aurora Print. Co.,</subfield><subfield code="c">1929-1932.</subfield></datafield><datafield ind1=" " ind2=" " tag="300"><subfield code="a">4 v.</subfield></datafield><datafield ind1=" " ind2=" " tag="310"><subfield code="a">Weekly</subfield></datafield><datafield ind1="0" ind2=" " tag="362"><subfield code="a">Vol. 56, no. 45 (Mar. 29, 1929)-v. 59, no. 35 (Jan. 29, 1932) = v. 38, no. 13-v. 41, no. 2.</subfield></datafield><datafield ind1=" " ind2=" " tag="515"><subfield code="a">Issues for May 16, 1930-Jan. 29, 1932 called also v. 2, no. 7-v. 3, no. 44.</subfield></datafield><datafield ind1=" " ind2=" " tag="580"><subfield code="a">Formed by the union of: Aurora Republican (Aurora, Neb.), and: Hamilton County register (Aurora, Neb.).</subfield></datafield><datafield ind1=" " ind2=" " tag="533"><subfield code="a">Microfilm.</subfield><subfield code="b">Wooster, Ohio :</subfield><subfield code="c">Bell &amp; Howell.</subfield><subfield code="e">3 microfilm reels ; 35 mm.</subfield></datafield><datafield ind1=" " ind2="0" tag="651"><subfield code="a">Hamilton County (Neb.)</subfield><subfield code="v">Newspapers.</subfield></datafield><datafield ind1=" " ind2="7" tag="655"><subfield code="a">Newspapers.</subfield><subfield code="2">fast</subfield><subfield code="0">(OCoLC)fst01423814</subfield></datafield><datafield ind1=" " ind2="7" tag="651"><subfield code="a">Nebraska</subfield><subfield code="z">Hamilton County.</subfield><subfield code="2">fast</subfield><subfield code="0">(OCoLC)fst01208957</subfield></datafield><datafield ind1=" " ind2=" " tag="752"><subfield code="a">United States</subfield><subfield code="b">Nebraska</subfield><subfield code="c">Hamilton</subfield><subfield code="d">Aurora.</subfield></datafield><datafield ind1="1" ind2="4" tag="780"><subfield code="t">Aurora Republican (Aurora, Neb.)</subfield><subfield code="w">(DLC)sn 94056270</subfield></datafield><datafield ind1="1" ind2="4" tag="780"><subfield code="t">Hamilton County register</subfield><subfield code="w">(DLC)sn 94056269</subfield></datafield><datafield ind1="0" ind2="0" tag="785"><subfield code="t">Republican-register (Aurora, Neb.)</subfield><subfield code="w">(DLC)sn 94056272</subfield></datafield></record>